
@misc{carvalho_2022,
  author       = {Carvalho, Nuno Ramos},
  title        = {SDSS Galaxy Subset},
  month        = mar,
  year         = 2022,
  publisher    = {Zenodo},
  version      = {0.0.1},
  doi          = {10.5281/zenodo.6393488},
  url          = {https://doi.org/10.5281/zenodo.6393488}
}

@misc{StellarImg,
  title = {Stellar Classification Dataset - SDSS17},
  howpublished = {\url{https://www.kaggle.com/code/satoru90/stellar-classification-dataset-sdss17}},
  note = {Accessed: 2023-11-24}
}